@article{huisman_2004,
	title = {Changes in turbulent mixing shift competition for light between phytoplankton species},
	volume = {85},
	number = {11},
	journal = {Ecology},
	author = {Huisman, Jef and Sharples, Jonathan and Stroom, Jasper M. and Visser, Petra M. and Kardinaal, W. Edwin A. and Verspagen, Jolanda MH and Sommeijer, Ben},
	year = {2004},
	keywords = {Stratification, phytoplankton, competition, turbulent mixing},
	pages = {2960--2970},
	doi = {10.1890/03-0763}
}

@article{wilhelm_2008,
	title = {Impact of summer warming on the thermal characteristics of a polymictic lake and consequences for oxygen, nutrients and phytoplankton},
	volume = {53},
	issn = {1365-2427},
	doi = {10.1111/j.1365-2427.2007.01887.x},
	language = {en},
	number = {2},
	journal = {Freshwater Biology},
	author = {Wilhelm, Susann and Adrian, Rita},
	month = feb,
	year = {2008},
	pages = {226--237}
}

