@online{latex_project,
	author = {LaTeX},
	ALTeditor = {editor},
	title = {An introduction to LaTeX},
	date = {04.12.2018},
	url = {https://www.latex-project.org/about/},
	OPTsubtitle = {subtitle},
	OPTtitleaddon = {titleaddon},
	OPTlanguage = {language},
	OPTversion = {version},
	OPTnote = {note},
	OPTorganization = {organization},
	OPTdate = {date},
	OPTmonth = {month},
	OPTyear = {year},
	OPTaddendum = {addendum},
	OPTpubstate = {pubstate},
	OPTurldate = {urldate},
}
