@book{adams1995hitchhiker,
  title={The Hitchhiker's Guide to the Galaxy},
  author={Adams, D.},
  isbn={9781417642595},
  url={http://books.google.com/books?id=W-xMPgAACAAJ},
  year={1995},
  publisher={San Val}
}

@article{hipsey_2019,
	title = {{A} {General} {Lake} {Model} ({GLM} 3.0) for linking with high-frequency sensor data from the {Global} {Lake} {Ecological} {Observatory} {Network} ({GLEON})},
	volume = {12},
	doi = {10.5194/gmd-12-473-2019},
	number = {1},
	journal = {Geoscientific Model Development},
	author = {Hipsey, M. R. and Bruce, L. C. and Boon, C. and Busch, B. and Carey, C. C. and Hamilton, D. P. and Hanson, P. C. and Read, J. S. and de Sousa, E. and Weber, M. and Winslow, L. A.},
	year = {2019},
	pages = {473--523},
	file = {Hipsey et al. - 2019 - A General Lake Model (GLM 3.0) for linking with hi.pdf:C\:\\Users\\s6136853\\ownCloud\\Promotion\\paper\\Zotero\\storage\\4CILRZJ9\\Hipsey et al. - 2019 - A General Lake Model (GLM 3.0) for linking with hi.pdf:application/pdf}
}